
@article{abadie2010synthetic,
  title={Synthetic control methods for comparative case studies: Estimating the effect of Californiaâ€™s tobacco control program},
  author={Abadie, A. and Diamond, A. and Hainmueller, J.},
  journal={Journal of the American statistical Association},
  volume={105},
  number={490},
  pages={493--505},
  year={2010}
}

@article{abadie2015comparative,
  title={Comparative politics and the synthetic control method},
  author={Abadie, A. and Diamond, A. and Hainmueller, J.},
  journal={American Journal of Political Science},
  volume={59},
  number={2},
  pages={495--510},
  year={2015}
}

@article{albert2006pitching,
  title={Pitching statistics, talent and luck, and the best strikeout seasons of all-time},
  author={Albert, J.},
  journal={Journal of Quantitative Analysis in Sports},
  volume={2},
  number={1},
  year={2006},
  publisher={De Gruyter}
}

@article{albert2008streaky,
  title={Streaky hitting in baseball},
  author={Albert, J.},
  journal={Journal of Quantitative Analysis in Sports},
  volume={4},
  number={1},
  year={2008}
}

@misc{albert2020website,
  title={Exploring Baseball Data with R},
  author={Albert, J.},
  howpublished = {\url{https://baseballwithr.wordpress.com/author/bayesball/}},
  note = {Accessed: 2020-04-29}
}

@Manual{baseballr,
     TITLE = {baseballr: Functions for acquiring and analyzing baseball data},
    AUTHOR = {Petti, B. and Baumer, B. and Dilday, B.},
      YEAR = {2020}
}

@article{baumer2015openwar,
  title={openWAR: An open source system for evaluating overall player performance in 
    major league baseball},
  author={Baumer, B.~S. and Jensen, S.~T. and Matthews, G.~J.},
  journal={Journal of Quantitative Analysis in Sports},
  volume={11},
  number={2},
  pages={69--84},
  year={2015}
}

@article{berry1999bridging,
  title={Bridging Different Eras in Sports},
  author={Berry, S.~M. and Reese, C.~S. and Larkey, P.~D.},
  journal={Journal of the American Statistical Association},
  volume={94},
  number={447},
  pages={661--676},
  year={1999}
}

@misc{bref,
  author = {Baseball-Reference},
  year = {2020},
  howpublished = {\url{https://www.baseball-reference.com}},
  note = {Accessed: 2020-04-29}
}

@article{brown2008season,
  title={In-season prediction of batting averages: A field test of empirical 
    Bayes and Bayes methodologies},
  author={Brown, L.~D.},
  journal={The Annals of Applied Statistics},
  pages={113--152},
  year={2008},
  publisher={JSTOR}
}

@article{carruth2007evaluating,
  title={Evaluating throwing ability in baseball},
  author={Carruth, M. and Jensen, S.~T.},
  journal={Journal of Quantitative Analysis in Sports},
  volume={3},
  number={3},
  year={2007}
}

@article{eck2020challenging,
  title={Challenging nostalgia and performance metrics in baseball},
  author={Eck, D.~J.},
  journal={Chance},
  year={2020}, 
  volume={33},
  number={1},
  pages={16--25},
}

@misc{fangraphs,
  author = {Fangraphs},
  year = {2020},
  howpublished = {\url{https://www.fangraphs.com}},
  note = {Accessed: 2020-04-29}
}


@article{jensen2009bayesball,
  title={Bayesball: A Bayesian hierarchical model for evaluating fielding in major league baseball},
  author={Jensen, S.~T. and Shirley, K.~E. and Wyner, A.~J.},
  journal={The Annals of Applied Statistics},
  volume={3},
  number={2},
  pages={491--520},
  year={2009}
}

@article{jensen2009hierarchical,
  title={Hierarchical Bayesian modeling of hitting performance in baseball},
  author={Jensen, S.~T. and McShane, B.~B. and Wyner, A.~J.},
  journal={Bayesian Analysis},
  volume={4},
  number={4},
  pages={631--652},
  year={2009},
  publisher={International Society for Bayesian Analysis}
}

@article{piette2012estimating,
  title={Estimating fielding ability in baseball players over time},
  author={Piette, J. and Jensen, S.~T.},
  journal={Journal of Quantitative Analysis in Sports},
  volume={8},
  number={3},
  year={2012}
}

@article{PECOTA,
  title = {Introducing PECOTA},
  author = {Silver, N.},
  journal = {Baseball Prospectus}, 
  year = {2003}, 
  pages = {507--514}
}

@Manual{MASS,
    TITLE = {MASS: R package},
    AUTHOR = {Ripley, B. and Venables, B. and Bates, D. and Hornik, K. 
      and Gebhardt, A. and Firth, D.},
    YEAR = {2019}
}

@Manual{ggtern,
     TITLE = {ggtern: An Extension to 'ggplot2', for the Creation of Ternary Diagrams},
    AUTHOR = {Hamilton, N.},
      YEAR = {2018}
}

@book{ggplot2,
     TITLE = {ggplot2: Elegant Graphics for Data Analysis},
    AUTHOR = {Wickham, H.},
      YEAR = {2016},
 PUBLISHER = {Springer-Verlag New York},
       URL = {https://ggplot2.tidyverse.org}
}

@book{james1994politics,
  title={The politics of glory: how baseball's Hall of Fame really works},
  author={James, B.},
  year={1994},
  publisher={Macmillan}
}

@book{marchi2019analyzing,
  title={Analyzing baseball data with R 2nd Edition},
  author={Marchi, M. and Albert, J. and Baumer, B.~S.},
  year={2019},
  publisher={CRC Press}
}

@misc{pettispray,
  title = {The Interactive Spray Chart Tool},
  author = {Petti, B.},
  year = {2009},
  howpublished = {\url{https://billpetti.shinyapps.io/shiny_spraychart/}},
  note = {Accessed: 2020-04-29}
}

@article{petti2017research,
  title = {Research Notebook: New Format for Statcast Data Export at Baseball Savant},
  author = {Petti, B.},
  year = {2017},
  journal = {The Hardball Times},
  howpubliched = {\url{https://tht.fangraphs.com/research-notebook-new-format-for-statcast-data-export-at-baseball-savant/}}
}

@Manual{shiny,
     TITLE = {shiny: Web Application Framework for R},
    AUTHOR = {RStudio},
      YEAR = {2020},
       URL = {https://shiny.rstudio.com}
}

@book{schwarz2004numbers,
  title={The numbers game: Baseball's lifelong fascination with statistics},
  author={Schwarz, A.},
  year={2004},
  publisher={Macmillan}
}

@article{shinya2017pitching,
  title={Pitching form determines probabilistic structure of errors in pitch location},
  author={Shinya, Masahiro and Tsuchiya, Shinji and Yamada, Yousuke and Nakazawa, 
    Kimitaka and Kudo, Kazutoshi and Oda, Shingo},
  journal={Journal of sports sciences},
  volume={35},
  number={21},
  pages={2142--2147},
  year={2017},
  publisher={Routledge}
}

@misc{statcast,
  title = {Statcast},
  year = {2014},
  author = {Major League Baseball},
  howpublished = {\url{https://baseballsavant.mlb.com/}},
  note = {Accessed: 2020-04-29}  
}